@techreport{CAISO2017,
	url = "https://www.caiso.com/rules/Pages/BusinessPracticeManuals/Default.aspx",
	author = {{California ISO}},
	month = "October",
	year = "2017",
	title = {Business Practice Manual for Market Operations}
}

@techreport{NYISO2017,
    url = "http://www.nyiso.com/public/webdocs/markets_operations/documents/Manuals_and_Guides/Manuals/Operations/dayahd_schd_mnl.pdf",
    author = {{New York ISO}},
    title = "Day-Ahead Scheduling Manual",
    year = "2017",
    month = "October"
}

@article{Doherty2005, 
author={R. Doherty and M. O'Malley}, 
journal={IEEE Transactions on Power Systems},
title={A new approach to quantify reserve demand in systems with significant installed wind capacity}, 
year={2005}, 
volume={20}, 
number={2}, 
pages={587-595}, 
doi={10.1109/TPWRS.2005.846206}, 
ISSN={0885-8950}, 
month={May},
}

@article{Morales2009, 
author={J. M. Morales and A. J. Conejo and J. Perez-Ruiz}, 
journal={IEEE Transactions on Power Systems},
title={Economic Valuation of Reserves in Power Systems With High Penetration of Wind Power}, 
year={2009},
volume={24},
number={2}, 
pages={900-910}, 
doi={10.1109/TPWRS.2009.2016598}, 
ISSN={0885-8950}, 
month={May},
}

@techreport{Makarov2010,
author = "Y. V. Makarov and Z. Huang and P. V. Etingov and J Ma and R. T. Guttromson and K. Subbarao and B. B. Chakrabarti", 
title = "Incorporating Wind Generation and Load Forecast Uncertainties into Power Grid Operations",
number = "PNNL-19189",
month = "January",
year = "2010",
institution = "Pacific Northwest National Laboratory"
}

@article{Gangammanavar2016,
author = {Gangammanavar, Harsha and Sen, Suvrajeet and Zavala, Victor M},
doi = {10.1109/TPWRS.2015.2410301},
issn = {0885-8950},
journal = {IEEE Transactions on Power Systems},
number = {2},
pages = {949--959},
title = "Stochastic Optimization of Sub-Hourly Economic Dispatch With Wind Energy",
url = {http://ieeexplore.ieee.org/lpdocs/epic03/wrapper.htm?arnumber=7065337},
volume = {31},
year = {2015}
}

@article{Olson2015,
author = {Olson, Arne and Mahone, Amber and Hart, Elaine and Hargreaves, Jeremy and Jones, Ryan and Schlag, Nicolai and Kwok, Gabriel and Ryan, Nancy and Orans, Ren and Frowd, Rod},
doi = {10.1109/MPE.2015.2423211},
file = {:Users/semihatakan/Documents/Research/Literature/Olson et al/Olson et al. - 2015 - Halfway There Can California Achieve a 50{\%} Renewable Grid.pdf:pdf},
issn = {15407977},
journal = {IEEE Power and Energy Magazine},
number = {4},
pages = {41--52},
title = "Halfway There: {C}an California Achieve a 50{\%} Renewable Grid?",
volume = {13},
year = {2015}
}
